<?xml version="1.0" encoding="UTF-8" ?>
<record Numero="13979854" format="InterXMarc_Complet" type="Authority">
<leader>01056c0 au22000272  45  <Pos Code="0004">01056</Pos>
<Pos Code="05" Sens="notice modifiée">c</Pos>
<Pos Code="06" Sens="notice validée par les services d&apos;autorité">0</Pos>
<Pos Code="08" Sens="notice d&apos;autorité">a</Pos>
<Pos Code="09" Sens="titre uniforme musical (TUM)">u</Pos>
<Pos Code="10">2</Pos>
<Pos Code="11">2</Pos>
<Pos Code="1216">00027</Pos>
<Pos Code="17" Sens="autres cas">2</Pos>
<Pos Code="20">4</Pos>
<Pos Code="21">5</Pos>
</leader>
<controlfield tag="001">FRBNF139798542<Pos Code="0001">FR</Pos>
<Pos Code="0204">BNF</Pos>
<Pos Code="0512">13979854</Pos>
<Pos Code="13">2</Pos>
</controlfield>
<controlfield tag="008">950818140130yyger op        1813                             1   <Pos Code="0001">95</Pos>
<Pos Code="0203">08</Pos>
<Pos Code="0405">18</Pos>
<Pos Code="0607">14</Pos>
<Pos Code="0809">01</Pos>
<Pos Code="1011">30</Pos>
<Pos Code="1213" Sens="ne s&apos;applique pas">yy</Pos>
<Pos Code="1416" Sens="allemand">ger</Pos>
<Pos Code="1820" Sens="opéra [drame lyrique => opéra, melodramma => opéra]">op </Pos>
<Pos Code="2831">1813</Pos>
<Pos Code="61" Sens="La vedette peut être liée à une notice bibliographique sauf pour l&apos;accès matière RAMEAU">1</Pos>
</controlfield>
<datafield tag="048" ind1=" " ind2=" ">
	<subfield code="a">va03<Pos Code="0001" Sens="voix - soprano">va</Pos>
<Pos Code="02">0</Pos>
<Pos Code="03">3</Pos>
</subfield>
	<subfield code="a">vb01<Pos Code="0001" Sens="voix - mezzo-soprano">vb</Pos>
<Pos Code="02">0</Pos>
<Pos Code="03">1</Pos>
</subfield>
	<subfield code="a">vd04<Pos Code="0001" Sens="voix - ténor">vd</Pos>
<Pos Code="02">0</Pos>
<Pos Code="03">4</Pos>
</subfield>
	<subfield code="a">ve02<Pos Code="0001" Sens="voix - baryton">ve</Pos>
<Pos Code="02">0</Pos>
<Pos Code="03">2</Pos>
</subfield>
	<subfield code="a">vf03<Pos Code="0001" Sens="voix - basse">vf</Pos>
<Pos Code="02">0</Pos>
<Pos Code="03">3</Pos>
</subfield>
	<subfield code="a">cn01<Pos Code="0001" Sens="choeurs - non spécifié">cn</Pos>
<Pos Code="02">0</Pos>
<Pos Code="03">1</Pos>
</subfield>
	<subfield code="a">oa01<Pos Code="0001" Sens="orchestre - orchestre symphonique XIXe-XXe s.">oa</Pos>
<Pos Code="02">0</Pos>
<Pos Code="03">1</Pos>
</subfield>
</datafield>
<datafield tag="100" ind1=" " ind2=" ">
	<subfield code="3">12288076</subfield>
	<subfield code="w">.0..b.....</subfield>
	<subfield code="a">Spohr</subfield>
	<subfield code="m">Louis</subfield>
	<subfield code="d">1784-1859</subfield>
</datafield>
<datafield tag="144" ind1="1" ind2=" ">
	<subfield code="w">....b.....</subfield>
	<subfield code="a">Faust</subfield>
	<subfield code="p">WoO 51</subfield>
</datafield>
<datafield tag="600" ind1=" " ind2=" ">
	<subfield code="a">Opéra romantique en 2 actes</subfield>
	<subfield code="a">Livret de Joseph Carl Bernard</subfield>
	<subfield code="a">Création à Prague, théâtre Estates</subfield>
	<subfield code="a">Création de la version révisée en 3 actes à Londres, Covent Garden</subfield>
	<subfield code="a">Éd. à Leipzig</subfield>
	<subfield code="a">Ouverture éd. isolément à Leipzig (op. 60)</subfield>
</datafield>
<datafield tag="600" ind1=" " ind2=" ">
	<subfield code="a">Date de composition : 1813</subfield>
</datafield>
<datafield tag="600" ind1=" " ind2=" ">
	<subfield code="a">1re exécution : 1816-09-01</subfield>
</datafield>
<datafield tag="600" ind1=" " ind2=" ">
	<subfield code="a">Éd. : 1822</subfield>
</datafield>
<datafield tag="600" ind1=" " ind2=" ">
	<subfield code="a">Date de révision : 1852</subfield>
</datafield>
<datafield tag="600" ind1=" " ind2=" ">
	<subfield code="a">18520715 (création de la version révisée)</subfield>
</datafield>
<datafield tag="600" ind1=" " ind2=" ">
	<subfield code="a">1853 (éd. de la version révisée)</subfield>
</datafield>
<datafield tag="600" ind1=" " ind2=" ">
	<subfield code="a">1857 (éd. de l&apos;ouverture isolée)</subfield>
</datafield>
<datafield tag="608" ind1=" " ind2=" ">
	<subfield code="b">Kunigunde, une sorcière, Sycorax (sopranos)</subfield>
	<subfield code="b">Röschen (mezzo)</subfield>
	<subfield code="b">Wohlhaldt, Wagner, Franz, le comte Hugo (ténors)</subfield>
	<subfield code="b">Faust, Kaylinger (barytons)</subfield>
	<subfield code="b">Mephistophélès, Moor, Messire Gulf (basses)</subfield>
</datafield>
<datafield tag="610" ind1=" " ind2=" ">
	<subfield code="a">Grove opera</subfield>
	<subfield code="a">Grove 6</subfield>
</datafield>
<datafield tag="917" ind1=" " ind2=" ">
	<subfield code="o">OPC</subfield>
	<subfield code="a">101113800</subfield>
</datafield>
<datafield tag="917" ind1=" " ind2=" ">
	<subfield code="o">OPD</subfield>
	<subfield code="a">100196930</subfield>
	<subfield code="b">ATUM</subfield>
</datafield>
<datafield tag="996" ind1=" " ind2=" ">
	<subfield code="o">OPP</subfield>
	<subfield code="a">14796529</subfield>
	<subfield code="d">20091207</subfield>
</datafield>
<datafield tag="996" ind1=" " ind2=" ">
	<subfield code="o">OPP</subfield>
	<subfield code="a">16303142</subfield>
	<subfield code="d">20140130</subfield>
</datafield>
<Alter Ori="12288076">
<datafield tag="400" ind1=" " ind2=" ">
	<subfield code="w">. . b.....</subfield>
	<subfield code="a">Spohr</subfield>
	<subfield code="m">Ludewig</subfield>
	<subfield code="d">1784-1859</subfield>
</datafield>
<datafield tag="400" ind1=" " ind2=" ">
	<subfield code="w">    b     </subfield>
	<subfield code="a">Spohr</subfield>
	<subfield code="m">Ludwig</subfield>
	<subfield code="d">1784-1859</subfield>
</datafield>
</Alter>
<Attr Nom="IDPerenne">ark:/12148/cb13979854w</Attr>
<Attr Nom="NumSource">OPC 101113800</Attr>
<Attr Nom="Source" Sens="BnF catalogue général (depuis 1999)">A</Attr>
<Attr Nom="NumAutoriteLiee">12288076</Attr>
<Attr Nom="DateCreation">18/08/ 1995</Attr>
<Attr Nom="ResponsableCreation">MIGV2</Attr>
<Attr Nom="StructCreation">1</Attr>
<Attr Nom="DateDerniereValidation">30/01/ 2014</Attr>
<Attr Nom="ResponsableDerniereValidation">SERRES CATHERINE</Attr>
<Attr Nom="StructPremiereValidation">1</Attr>
<Attr Nom="DatePremiereValidation">18/08/ 1995</Attr>
<Attr Nom="ResponsablePremiereValidation">MIGV2</Attr>
<Attr Nom="StructDerniereValidation">82</Attr>
<Attr Nom="NumSource" Rep="1">OPD 100196930</Attr>
<Attr Nom="NumSource" Rep="2">OPP 14796529</Attr>
<Attr Nom="NumSource" Rep="3">OPP 16303142</Attr>
</record>
